<?xml version="1.0" encoding="UTF-8"?><record xmlns="http://www.loc.gov/MARC21/slim" xmlns:cinclude="http://apache.org/cocoon/include/1.0" xmlns:zs="http://www.loc.gov/zing/srw/">
  <leader>00371nz  a2200133n  4500</leader>
  <controlfield tag="001">no2010005028</controlfield>
  <controlfield tag="003">DLC</controlfield>
  <controlfield tag="005">20100114075953.0</controlfield>
  <controlfield tag="008">100112n| acannaabn          |n aaa     c</controlfield>
  <datafield tag="010" ind1=" " ind2=" ">
    <subfield code="a">no2010005028</subfield>
  </datafield>
  <datafield tag="035" ind1=" " ind2=" ">
    <subfield code="a">(OCoLC)oca08356856</subfield>
  </datafield>
  <datafield tag="040" ind1=" " ind2=" ">
    <subfield code="a">SaPrUSA</subfield>
    <subfield code="b">eng</subfield>
    <subfield code="c">SaPrUSA</subfield>
  </datafield>
  <datafield tag="100" ind1="1" ind2=" ">
    <subfield code="a">Fletcher, Harry E.</subfield>
  </datafield>
  <datafield tag="670" ind1=" " ind2=" ">
    <subfield code="a">An exegesis of St. Matthew 16:13-20, 1971:</subfield>
    <subfield code="b">t.p. (Harry E. Fletcher)</subfield>
  </datafield>
</record>